@article{meng1996simulating,
  title={Simulating ratios of normalizing constants via a simple identity: a theoretical exploration},
  author={Meng, Xiao-Li and Wong, Wing Hung},
  journal={Statistica Sinica},
  pages={831--860},
  year={1996},
  publisher={JSTOR}
}

@article{wolfe2010reaction,
  title={Reaction time distributions constrain models of visual search},
  author={Wolfe, Jeremy M and Palmer, Evan M and Horowitz, Todd S},
  journal={Vision research},
  volume={50},
  number={14},
  pages={1304--1311},
  year={2010},
  publisher={Elsevier}
}

@article{palmer2011shapes,
  title={What are the shapes of response time distributions in visual search?},
  author={Palmer, Evan M and Horowitz, Todd S and Torralba, Antonio and Wolfe, Jeremy M},
  journal={Journal of experimental psychology: human perception and performance},
  volume={37},
  number={1},
  pages={58},
  year={2011},
  publisher={American Psychological Association}
}


@article{wang2017predicting,
  title={Predicting search performance in heterogeneous visual search scenes with real-world objects},
  author={Wang, Zhiyuan and Buetti, Simona and Lleras, Alejandro},
  journal={Collabra: Psychology},
  volume={3},
  number={1},
  year={2017},
  publisher={The Regents of the University of California}
}

@article{lleras2019predicting,
  title={Predicting search performance in heterogeneous scenes: Quantifying the impact of homogeneity effects in efficient search},
  author={Lleras, Alejandro and Wang, Zhiyuan and Madison, Anna and Buetti, Simona},
  journal={Collabra: Psychology},
  volume={5},
  number={1},
  year={2019},
  publisher={The Regents of the University of California}
}

@article{buetti2019predicting,
  title={Predicting how color and shape combine in the human visual system to direct attention},
  author={Buetti, Simona and Xu, Jing and Lleras, Alejandro},
  journal={Scientific reports},
  volume={9},
  number={1},
  pages={1-11},
  year={2019},
  publisher={Nature Publishing Group}
}

@article{lleras2020target,
  title={A target contrast signal theory of parallel processing in goal-directed search},
  author={Lleras, Alejandro and Wang, Zhiyuan and Ng, Gavin Jun Peng and Ballew, Kirk and Xu, Jing and Buetti, Simona},
  journal={Attention, Perception, \& Psychophysics},
  pages={1--32},
  year={2020},
  publisher={Springer}
}

@article{buetti2016towards,
  title={Towards a better understanding of parallel visual processing in human vision: Evidence for exhaustive analysis of visual information.},
  author={Buetti, Simona and Cronin, Deborah A and Madison, Anna M and Wang, Zhiyuan and Lleras, Alejandro},
  journal={Journal of Experimental Psychology: General},
  volume={145},
  number={6},
  pages={672},
  year={2016},
  publisher={American Psychological Association}
}

@article{treisman1980feature,
  title={A feature-integration theory of attention},
  author={Treisman, Anne M and Gelade, Garry},
  journal={Cognitive psychology},
  volume={12},
  number={1},
  pages={97--136},
  year={1980},
  publisher={Elsevier}
}

@article{wolfe1989guided,
  title={Guided search: an alternative to the feature integration model for visual search.},
  author={Wolfe, Jeremy M and Cave, Kyle R and Franzel, Susan L},
  journal={Journal of Experimental Psychology: Human perception and performance},
  volume={15},
  number={3},
  pages={419},
  year={1989},
  publisher={American Psychological Association}
}

@article{wolfe2014approaches,
  title={Approaches to visual search: Feature integration theory and guided search},
  author={Wolfe, Jeremy M},
  journal={Oxford handbook of attention},
  pages={11--55},
  year={2014},
  publisher={Oxford University Press New York, NY}
}

@article{nowakowska2017human,
  title={Human visual search behaviour is far from ideal},
  author={Nowakowska, Anna and Clarke, Alasdair DF and Hunt, Amelia R},
  journal={Proceedings of the Royal Society B: Biological Sciences},
  volume={284},
  number={1849},
  pages={20162767},
  year={2017},
  publisher={The Royal Society}
}

@article{irons2016choosing,
  title={Choosing attentional control settings in a dynamically changing environment},
  author={Irons, Jessica L and Leber, Andrew B},
  journal={Attention, Perception, \& Psychophysics},
  volume={78},
  number={7},
  pages={2031--2048},
  year={2016},
  publisher={Springer}
}

@article{irons2018characterizing,
  title={Characterizing individual variation in the strategic use of attentional control.},
  author={Irons, Jessica L and Leber, Andrew B},
  journal={Journal of Experimental Psychology: Human Perception and Performance},
  volume={44},
  number={10},
  pages={1637},
  year={2018},
  publisher={American Psychological Association}
}

@article{hulleman2017brink,
  title={On the brink: The demise of the item in visual search moves closer},
  author={Hulleman, Johan and Olivers, Christian NL},
  journal={Behavioral and Brain Sciences},
  volume={40},
  year={2017},
  publisher={Cambridge University Press}
}

@article{itti2000saliency,
  title={A saliency-based search mechanism for overt and covert shifts of visual attention},
  author={Itti, Laurent and Koch, Christof},
  journal={Vision research},
  volume={40},
  number={10-12},
  pages={1489--1506},
  year={2000},
  publisher={Elsevier}
}

@article{itti1998model,
  title={A model of saliency-based visual attention for rapid scene analysis},
  author={Itti, Laurent and Koch, Christof and Niebur, Ernst},
  journal={IEEE Transactions on pattern analysis and machine intelligence},
  volume={20},
  number={11},
  pages={1254--1259},
  year={1998},
  publisher={IEEE}
}

@incollection{koch1987shifts,
  title={Shifts in selective visual attention: towards the underlying neural circuitry},
  author={Koch, Christof and Ullman, Shimon},
  booktitle={Matters of intelligence},
  pages={115--141},
  year={1987},
  publisher={Springer}
}

@article{parkhurst2002modeling,
  title={Modeling the role of salience in the allocation of overt visual attention},
  author={Parkhurst, Derrick and Law, Klinton and Niebur, Ernst},
  journal={Vision research},
  volume={42},
  number={1},
  pages={107--123},
  year={2002},
  publisher={Elsevier}
}

@article{tatler2007central,
  title={The central fixation bias in scene viewing: Selecting an optimal viewing position independently of motor biases and image feature distributions},
  author={Tatler, Benjamin W},
  journal={Journal of vision},
  volume={7},
  number={14},
  pages={4--4},
  year={2007},
  publisher={The Association for Research in Vision and Ophthalmology}
}

@article{zhang2008sun,
  title={SUN: A Bayesian framework for saliency using natural statistics},
  author={Zhang, Lingyun and Tong, Matthew H and Marks, Tim K and Shan, Honghao and Cottrell, Garrison W},
  journal={Journal of vision},
  volume={8},
  number={7},
  pages={32--32},
  year={2008},
  publisher={The Association for Research in Vision and Ophthalmology}
}

@article{tatler2011eye,
  title={Eye guidance in natural vision: Reinterpreting salience},
  author={Tatler, Benjamin W and Hayhoe, Mary M and Land, Michael F and Ballard, Dana H},
  journal={Journal of vision},
  volume={11},
  number={5},
  pages={5--5},
  year={2011},
  publisher={The Association for Research in Vision and Ophthalmology}
}

@article{koehler2014saliency,
  title={What do saliency models predict?},
  author={Koehler, Kathryn and Guo, Fei and Zhang, Sheng and Eckstein, Miguel P},
  journal={Journal of vision},
  volume={14},
  number={3},
  pages={14--14},
  year={2014},
  publisher={The Association for Research in Vision and Ophthalmology}
}

@article{peirce2019psychopy2,
  title={PsychoPy2: Experiments in behavior made easy},
  author={Peirce, Jonathan and Gray, Jeremy R and Simpson, Sol and MacAskill, Michael and H{\"o}chenberger, Richard and Sogo, Hiroyuki and Kastman, Erik and Lindel{\o}v, Jonas Kristoffer},
  journal={Behavior research methods},
  volume={51},
  number={1},
  pages={195--203},
  year={2019},
  publisher={Springer}
}

@article{madison2018role,
  title={The role of crowding in parallel search: Peripheral pooling is not responsible for logarithmic efficiency in parallel search},
  author={Madison, Anna and Lleras, Alejandro and Buetti, Simona},
  journal={Attention, Perception, \& Psychophysics},
  volume={80},
  number={2},
  pages={352--373},
  year={2018},
  publisher={Springer}
}

@article{ng2018fixed,
  title={Fixed-target efficient search has logarithmic efficiency with and without eye movements},
  author={Ng, Gavin Jun Peng and Lleras, Alejandro and Buetti, Simona},
  journal={Attention, Perception, \& Psychophysics},
  volume={80},
  number={7},
  pages={1752--1762},
  year={2018},
  publisher={Springer}
}

@article{ng2020prioritization,
  title={Prioritization in visual attention does not work the way you think it does.},
  author={Ng, Gavin JP and Buetti, Simona and Patel, Trisha N and Lleras, Alejandro},
  journal={Journal of Experimental Psychology: Human Perception and Performance},
  year={2020},
  publisher={American Psychological Association}
}

@article{cave1990modeling,
  title={Modeling the role of parallel processing in visual search},
  author={Cave, Kyle R and Wolfe, Jeremy M},
  journal={Cognitive psychology},
  volume={22},
  number={2},
  pages={225--271},
  year={1990},
  publisher={Academic Press}
}

@article{becker2014color,
  title={Color priming in pop-out search depends on the relative color of the target},
  author={Becker, Stefanie I and Valuch, Christian and Ansorge, Ulrich},
  journal={Frontiers in psychology},
  volume={5},
  pages={289},
  year={2014},
  publisher={Frontiers}
}

@article{becker2010role,
  title={The role of target--distractor relationships in guiding attention and the eyes in visual search.},
  author={Becker, Stefanie I},
  journal={Journal of Experimental Psychology: General},
  volume={139},
  number={2},
  pages={247},
  year={2010},
  publisher={American Psychological Association}
}

@article{clarke2022stable,
  title={Stable individual differences in strategies within, but not between, visual search tasks},
  author={Clarke, Alasdair DF and Irons, Jessica L and James, Warren and Leber, Andrew B and Hunt, Amelia R},
  journal={Quarterly Journal of Experimental Psychology},
  volume={75},
  number={2},
  pages={289--296},
  year={2022},
  publisher={SAGE Publications Sage UK: London, England}
}

@article{xu2021predicting,
  title={Predicting how surface texture and shape combine in the human visual system to direct attention},
  author={Xu, Zoe Jing and Lleras, Alejandro and Buetti, Simona},
  journal={Scientific reports},
  volume={11},
  number={1},
  pages={1--13},
  year={2021},
  publisher={Nature Publishing Group}
}


@article{moran2016serial,
  title={Serial vs. parallel models of attention in visual search: accounting for benchmark RT-distributions},
  author={Moran, Rani and Zehetleitner, Michael and Liesefeld, Heinrich Ren{\'e} and M{\"u}ller, Hermann J and Usher, Marius},
  journal={Psychonomic bulletin \& review},
  volume={23},
  number={5},
  pages={1300--1315},
  year={2016},
  publisher={Springer}
}

@article{moran2017appeal,
  title={An appeal against the item's death sentence: Accounting for diagnostic data patterns with an item-based model of visual search},
  author={Moran, Rani and Liesefeld, Heinrich Ren{\'e} and Usher, Marius and Muller, Hermann J},
  journal={Behavioral and Brain Sciences},
  volume={40},
  pages={e148},
  year={2017},
  publisher={Cambridge Journals}
}

@article{liesefeld2020theoretical,
  title={A theoretical attempt to revive the serial/parallel-search dichotomy},
  author={Liesefeld, Heinrich Ren{\'e} and M{\"u}ller, Hermann J},
  journal={Attention, Perception, \& Psychophysics},
  volume={82},
  number={1},
  pages={228--245},
  year={2020},
  publisher={Springer}
}

@article{moran2013competitive,
  title={Competitive guided search: Meeting the challenge of benchmark RT distributions},
  author={Moran, Rani and Zehetleitner, Michael and Mueller, Hermann J and Usher, Marius},
  journal={Journal of Vision},
  volume={13},
  number={8},
  pages={24--24},
  year={2013},
  publisher={The Association for Research in Vision and Ophthalmology}
}

@article{liesefeld2016search,
  title={Search efficiency as a function of target saliency: The transition from inefficient to efficient search and beyond.},
  author={Liesefeld, Heinrich Ren{\'e} and Moran, Rani and Usher, Marius and M{\"u}ller, Hermann J and Zehetleitner, Michael},
  journal={Journal of Experimental Psychology: Human Perception and Performance},
  volume={42},
  number={6},
  pages={821},
  year={2016},
  publisher={American Psychological Association}
}

@article{rangelov2017failure,
  title={Failure to pop out: Feature singletons do not capture attention under low signal-to-noise ratio conditions.},
  author={Rangelov, Dragan and M{\"u}ller, Hermann J and Zehetleitner, Michael},
  journal={Journal of Experimental Psychology: General},
  volume={146},
  number={5},
  pages={651},
  year={2017},
  publisher={American Psychological Association}
}

@article{duncan1989visual,
  title={Visual search and stimulus similarity.},
  author={Duncan, John and Humphreys, Glyn W},
  journal={Psychological review},
  volume={96},
  number={3},
  pages={433},
  year={1989},
  publisher={American Psychological Association}
}

@article{wolfe1998can,
  title={What can 1 million trials tell us about visual search?},
  author={Wolfe, Jeremy M},
  journal={Psychological Science},
  volume={9},
  number={1},
  pages={33--39},
  year={1998},
  publisher={SAGE Publications Sage CA: Los Angeles, CA}
}

@book{gelman2006data,
  title={Data analysis using regression and multilevel/hierarchical models},
  author={Gelman, Andrew and Hill, Jennifer},
  year={2006},
  publisher={Cambridge university press}
}

@book{mcelreath2020statistical,
  title={Statistical rethinking: A Bayesian course with examples in R and Stan},
  author={McElreath, Richard},
  year={2020},
  publisher={Chapman and Hall/CRC}
}

@article{kieffaber2006switch,
  title={Switch and maintenance of task set in schizophrenia},
  author={Kieffaber, Paul D and Kappenman, Emily S and Bodkins, Misty and Shekhar, Anantha and O'Donnell, Brian F and Hetrick, William P},
  journal={Schizophrenia research},
  volume={84},
  number={2-3},
  pages={345--358},
  year={2006},
  publisher={Elsevier}
}

@article{matzke2009psychological,
  title={Psychological interpretation of the ex-Gaussian and shifted Wald parameters: A diffusion model analysis},
  author={Matzke, Dora and Wagenmakers, Eric-Jan},
  journal={Psychonomic bulletin \& review},
  volume={16},
  number={5},
  pages={798--817},
  year={2009},
  publisher={Springer}
}

@article{krummenacher2012dynamic,
  title={Dynamic weighting of feature dimensions in visual search: behavioral and psychophysiological evidence},
  author={Krummenacher, Joseph and M{\"u}ller, Hermann J},
  journal={Frontiers in psychology},
  volume={3},
  pages={221},
  year={2012},
  publisher={Frontiers Research Foundation}
}

@article{mordkoff1991interactive,
  title={An interactive race model of divided attention.},
  author={Mordkoff, J Toby and Yantis, Steven},
  journal={Journal of Experimental Psychology: Human Perception and Performance},
  volume={17},
  number={2},
  pages={520},
  year={1991},
  publisher={American Psychological Association}
}

@article{kotseruba2020saliency,
  title={Do saliency models detect odd-one-out targets? New datasets and evaluations},
  author={Kotseruba, Iuliia and Wloka, Calden and Rasouli, Amir and Tsotsos, John K},
  journal={arXiv preprint arXiv:2005.06583},
  year={2020}
}

@article{carrasco1995eccentricity,
  title={The eccentricity effect: Target eccentricity affects performance on conjunction searches},
  author={Carrasco, Marisa and Evert, Denise L and Chang, Irene and Katz, Svetlana M},
  journal={Perception \& psychophysics},
  volume={57},
  pages={1241--1261},
  year={1995},
  publisher={Springer}
}

@article{treisman1988feature,
  title={Feature analysis in early vision: evidence from search asymmetries.},
  author={Treisman, Anne and Gormican, Stephen},
  journal={Psychological review},
  volume={95},
  number={1},
  pages={15},
  year={1988},
  publisher={American Psychological Association}
}

@article{rosenholtz2012summary,
  title={A summary statistic representation in peripheral vision explains visual search},
  author={Rosenholtz, Ruth and Huang, Jie and Raj, Alvin and Balas, Benjamin J and Ilie, Livia},
  journal={Journal of vision},
  volume={12},
  number={4},
  pages={14--14},
  year={2012},
  publisher={The Association for Research in Vision and Ophthalmology}
}

@article{hughes2016quantifying,
  title={Quantifying peripheral and foveal perceived differences in natural image patches to predict visual search performance},
  author={Hughes, Anna E and Southwell, Rosy V and Gilchrist, Iain D and Tolhurst, David J},
  journal={Journal of vision},
  volume={16},
  number={10},
  pages={18--18},
  year={2016},
  publisher={The Association for Research in Vision and Ophthalmology}
}

@article{osborne2002notes,
  title={Notes on the use of data transformations},
  author={Osborne, Jason},
  journal={Practical assessment, research, and evaluation},
  volume={8},
  number={1},
  pages={6},
  year={2002}
}

@article{wolfe2010varying,
  title={Varying target prevalence reveals two dissociable decision criteria in visual search},
  author={Wolfe, Jeremy M and Van Wert, Michael J},
  journal={Current biology},
  volume={20},
  number={2},
  pages={121--124},
  year={2010},
  publisher={Elsevier}
}

@article{yu2022attentional,
  title={Attentional guidance and match decisions rely on different template information during visual search},
  author={Yu, Xinger and Hanks, Timothy D and Geng, Joy J},
  journal={Psychological science},
  volume={33},
  number={1},
  pages={105--120},
  year={2022},
  publisher={Sage Publications Sage CA: Los Angeles, CA}
}

@article{corbett2020diffusion,
  title={A diffusion model analysis of target detection in near-threshold visual search},
  author={Corbett, Elaine A and Smith, Philip L},
  journal={Cognitive Psychology},
  volume={120},
  pages={101289},
  year={2020},
  publisher={Elsevier}
}

@article{evans2019evidence,
  title={Evidence accumulation models: Current limitations and future directions},
  author={Evans, Nathan J and Wagenmakers, Eric-Jan},
  year={2019},
  publisher={PsyArXiv}
}

@article{bompas2023non,
  title={Non-decision time: the Higg's boson of decision},
  author={Bompas, Aline and Sumner, Petroc and Hedge, Craig},
  journal={bioRxiv},
  pages={2023--02},
  year={2023},
  publisher={Cold Spring Harbor Laboratory}
}

@article{kristjansson2014common,
  title={Common attentional constraints in visual foraging},
  author={Kristj{\'a}nsson, {\'A}rni and J{\'o}hannesson, {\'O}mar I and Thornton, Ian M},
  journal={PloS one},
  volume={9},
  number={6},
  pages={e100752},
  year={2014},
  publisher={Public Library of Science San Francisco, USA}
}

@article{proulx2011individual,
  title={Individual differences and metacognitive knowledge of visual search strategy},
  author={Proulx, Michael J},
  journal={PLoS One},
  volume={6},
  number={10},
  pages={e27043},
  year={2011},
  publisher={Public Library of Science San Francisco, USA}
}

@article{li2022assessing,
  title={Assessing the generality of strategy optimization across distinct attentional tasks.},
  author={Li, Walden Y and McKinney, Molly R and Irons, Jessica L and Leber, Andrew B},
  journal={Journal of Experimental Psychology: Human Perception and Performance},
  volume={48},
  number={6},
  pages={582},
  year={2022},
  publisher={American Psychological Association}
}

@article{utochkin2013visual,
  title={Visual search with negative slopes: The statistical power of numerosity guides attention},
  author={Utochkin, Igor S},
  journal={Journal of vision},
  volume={13},
  number={3},
  pages={18--18},
  year={2013},
  publisher={The Association for Research in Vision and Ophthalmology}
}

@article{clarke2022visual,
  title={Visual search habits and the spatial structure of scenes},
  author={Clarke, Alasdair DF and Nowakowska, Anna and Hunt, Amelia R},
  journal={Attention, Perception, \& Psychophysics},
  volume={84},
  number={6},
  pages={1874--1885},
  year={2022},
  publisher={Springer}
}

@article{oberauer2019addressing,
  title={Addressing the theory crisis in psychology},
  author={Oberauer, Klaus and Lewandowsky, Stephan},
  journal={Psychonomic bulletin \& review},
  volume={26},
  pages={1596--1618},
  year={2019},
  publisher={Springer}
}

@article{guest2021computational,
  title={How computational modeling can force theory building in psychological science},
  author={Guest, Olivia and Martin, Andrea E},
  journal={Perspectives on Psychological Science},
  volume={16},
  number={4},
  pages={789--802},
  year={2021},
  publisher={Sage Publications Sage CA: Los Angeles, CA}
}

@article{moshontz2018psychological,
  title={The Psychological Science Accelerator: Advancing psychology through a distributed collaborative network},
  author={Moshontz, Hannah and Campbell, Lorne and Ebersole, Charles R and IJzerman, Hans and Urry, Heather L and Forscher, Patrick S and Grahe, Jon E and McCarthy, Randy J and Musser, Erica D and Antfolk, Jan and others},
  journal={Advances in Methods and Practices in Psychological Science},
  volume={1},
  number={4},
  pages={501--515},
  year={2018},
  publisher={Sage Publications Sage CA: Los Angeles, CA}
}

@article{navalpakkam2007search,
  title={Search goal tunes visual features optimally},
  author={Navalpakkam, Vidhya and Itti, Laurent},
  journal={Neuron},
  volume={53},
  number={4},
  pages={605--617},
  year={2007},
  publisher={Elsevier}
}


@article{yu2023good,
  title={Good-enough attentional guidance},
  author={Yu, Xinger and Zhou, Zhiheng and Becker, Stefanie I and Boettcher, Sage EP and Geng, Joy J},
  journal={Trends in Cognitive Sciences},
  year={2023},
  publisher={Elsevier}
}

@article{wang2018parallel,
  title={Parallel, exhaustive processing underlies logarithmic search functions: Visual search with cortical magnification},
  author={Wang, Zhiyuan and Lleras, Alejandro and Buetti, Simona},
  journal={Psychonomic bulletin \& review},
  volume={25},
  pages={1343--1350},
  year={2018},
  publisher={Springer}
}

@article{wolfe2021guided,
  title={Guided Search 6.0: An updated model of visual search},
  author={Wolfe, Jeremy M},
  journal={Psychonomic Bulletin \& Review},
  volume={28},
  number={4},
  pages={1060--1092},
  year={2021},
  publisher={Springer}
}